@book{KH,
  author = {Dmitri Kuzmin and Jari H{\"a}m{\"a}l{\"a}inen},
  title = {Finite Element Methods for Computational Fluid Dynamics},
  publisher = {Society for Industrial and Applied Mathematics},
  address = {Philadelphia},
  year = {2015}
}
