@book{KH,
  author = {Dmitri Kuzmin and Jari H{\"a}m{\"a}l{\"a}inen},
  title = {Finite Element Methods for Computational Fluid Dynamics},
  publisher = {Society for Industrial and Applied Mathematics},
  address = {Philadelphia},
  year = {2015}
}
@article{S_DT,
  author = {S. W. Sloan},
  title = {A fast algorithm for construction Delaunay triangulations in the plane},
  journal = {Adv. Eng. Software},
  year = 1987,
  volume = 9,
  number = 1,
  pages = {34-42}
}
@article{S_CDT,
  author = {S. W. Sloan},
  title = {A fast algorithm for generating constrained Delaunay triangulations},
  journal = {Computers \& Structures},
  year = 1993,
  volume = 47,
  number = 3,
  pages = {441-450}
}
@article{C_REF,
  author = {L. Paul Chew},
  title = {Guaranteed-Quality Mesh Generation for Curved Surfaces},
  journal = {9th Annual Symposium on Computation Geometry},
  year = 1993,
  pages = {275-280}
}
@article{R_REF,
  author = {Jim Ruppert},
  title = {A Delaunay refinement algorithm for quality 2-dimensional mesh generation},
  journal = {Journal of Algorithms},
  year=1995,
  volume=18,
  number=3,
  pages={548-585}
}
@article{C_CDT,
  author = {L. Paul Chew},
  title = {Contrained Delaunay Triangulations},
  journal = {Algorithmica},
  year = 1989,
  volume = 4,
  pages = {92-108}
}
@article{SS_GMRES,
  author = {Youcef Saad and Martin H. Schultz},
  title = {GMRES: A generalized minimal residual algorithm for solving nonsymmetric linear systems},
  journal = {Sci. Stat. Comput.},
  year = 1986,
  volume = 7,
  number = 3,
  pages = {856-869}
}
@book{T_LS,
  author = {Richard Barrett and Michael Berry and Tony F. Chan and James Demmel and June M. Donato and Jack Dongarra and Victor Eijkhout and Roldan Pozo and Charels Romine and Hen Van der Vorst},
  title = {Templates for the Solution of Linear Systems: Buildign Blocks for Iterative Methods},
  publisher = {Society for Industrial and Applied Mathematics},
  year = 1993,
  edition = 2
}
@article{Z_DT,
  author={Borut \v{Z}alik},
  title={An efficient sweep-line Delaunay triangulation algorithm},
  journal={Computer-Aided Design},
  volume={37},
  year={2005},
  pages={1027-1038}
}
@article{DZ_CDT,
  author={V. Domiter and B. \v{Z}alik},
  title={Sweep-line algorithm for constrained Delaunay triangulation},
  journal={International Journal of Geographical Information Science},
  volume={22},
  number={4},
  year={2008},
  pages={449-462}
}
@incollection{T_SOF,
  author = {Jonathan Richard Shewchuk},
  title = {Triangle:  {E}ngineering a {2D} {Q}uality {M}esh {G}enerator and
    {D}elaunay {T}riangulator},
  booktitle = {Applied Computational Geometry:  Towards Geometric Engineering},
  editor = {Ming C. Lin and Dinesh Manocha},
  series = {Lecture Notes in Computer Science},
  volume = 1148,
  publisher = {Springer-Verlag},
  pages = {203--222},
  month = may,
  year = 1996,
  note = {From the First ACM Workshop on Applied Computational Geometry}
}
@article{T_ALG,
  author={Jonathan Richard Shewchuk},
  title={Delaunay Refinement Algorithms for Triangular Mesh Generation},
  journal={Computational Geometry: Theory and Applications},
  volume= {22},
  year={2002},
  number={1-3},
  pages={21,74}
}
@article{KRYLOV,
  author={A. N. Krylov},
  title={On the numerical solution of the equation by which in technical questions frequencies of small oscillations of material systems are determined},
  journal={News of Academy of Sciences of the USSR},
  year={1931},
  volume={7},
  number={4},
  pages={491-539}
}
@article{GQ,
  author={Farzana Hussain and M. S. Karim and Razwan Ahamad},
  title={Appropriate Gaussian quadrature formulae for triangle},
  journal={International Journal of Applied Mathematics and Computation},
  year={2012},
  volume={4},
  number={1},
  pages={24-38}
}
